@article{olsen2004trypsin,
  title     = {Trypsin cleaves exclusively C-terminal to arginine and lysine residues},
  author    = {Olsen, Jesper V and Ong, Shao-En and Mann, Matthias},
  journal   = {Molecular \& cellular proteomics},
  volume    = {3},
  number    = {6},
  pages     = {608--614},
  year      = {2004},
  publisher = {ASBMB}
}

@article{gershon2014cleaved,
  title     = {Cleaved and missed sites for trypsin, Lys-C, and Lys-N can be predicted with high confidence on the basis of sequence context},
  author    = {Gershon, Paul D},
  journal   = {Journal of proteome research},
  volume    = {13},
  number    = {2},
  pages     = {702--709},
  year      = {2014},
  publisher = {ACS Publications}
}

 @inbook{matthiesen2020trypticsize,
  place     = {New York, NY},
  title     = {Introduction to Mass Spectrometry-Based Proteomics},
  booktitle = {Mass spectrometry data analysis in proteomics},
  publisher = {Humana Press},
  author    = {Matthiesen, Rune},
  year      = {2020},
  pages     = {12â€“12}
}

@article{o1975high,
  title     = {High resolution two-dimensional electrophoresis of proteins.},
  author    = {O'Farrell, Patrick H},
  journal   = {Journal of biological chemistry},
  volume    = {250},
  number    = {10},
  pages     = {4007--4021},
  year      = {1975},
  publisher = {Elsevier}
}

@article{klose1995two,
  title     = {Two-dimensional electrophoresis of proteins: an updated protocol and implications for a functional analysis of the genome},
  author    = {Klose, Joachim and Kobalz, Ursula},
  journal   = {Electrophoresis},
  volume    = {16},
  number    = {1},
  pages     = {1034--1059},
  year      = {1995},
  publisher = {Wiley Online Library}
}

@article{patton2002two,
  title     = {Two-dimensional gel electrophoresis; better than a poke in the ICAT?},
  author    = {Patton, Wayne F and Schulenberg, Birte and Steinberg, Thomas H},
  journal   = {Current opinion in biotechnology},
  volume    = {13},
  number    = {4},
  pages     = {321--328},
  year      = {2002},
  publisher = {Elsevier}
}

@article{frohlich2006proteome,
  title     = {Proteome research based on modern liquid chromatography--tandem mass spectrometry: separation, identification and quantification},
  author    = {Fr{\"o}hlich, T and Arnold, GJ},
  journal   = {Journal of Neural Transmission},
  volume    = {113},
  number    = {8},
  pages     = {973--994},
  year      = {2006},
  publisher = {Springer}
}

@article{washburn2001large,
  title     = {Large-scale analysis of the yeast proteome by multidimensional protein identification technology},
  author    = {Washburn, Michael P and Wolters, Dirk and Yates, John R},
  journal   = {Nature biotechnology},
  volume    = {19},
  number    = {3},
  pages     = {242--247},
  year      = {2001},
  publisher = {Nature Publishing Group}
}

@book{snyder2011introduction,
  title     = {Introduction to modern liquid chromatography},
  author    = {Snyder, Lloyd R and Kirkland, Joseph J and Dolan, John W},
  year      = {2011},
  publisher = {John Wiley \& Sons}
}

@article{chang1976high,
  title     = {High-performance liquid chromatography of proteins},
  author    = {Chang, Shung Ho and Gooding, Karen M and Regnier, Fred E},
  journal   = {Journal of Chromatography A},
  volume    = {125},
  number    = {1},
  pages     = {103--114},
  year      = {1976},
  publisher = {Elsevier}
}

@article{collins2003human,
  title     = {The Human Genome Project: lessons from large-scale biology},
  author    = {Collins, Francis S and Morgan, Michael and Patrinos, Aristides},
  journal   = {Science},
  volume    = {300},
  number    = {5617},
  pages     = {286--290},
  year      = {2003},
  publisher = {American Association for the Advancement of Science}
}

@article{fenn1989electrospray,
  title     = {Electrospray ionization for mass spectrometry of large biomolecules},
  author    = {Fenn, John B and Mann, Matthias and Meng, Chin Kai and Wong, Shek Fu and Whitehouse, Craig M},
  journal   = {Science},
  volume    = {246},
  number    = {4926},
  pages     = {64--71},
  year      = {1989},
  publisher = {American Association for the Advancement of Science}
}

@book{gross2006mass,
  title     = {Mass spectrometry: a textbook},
  author    = {Gross, J{\"u}rgen H},
  year      = {2006},
  publisher = {Springer Science \& Business Media},
  pages     = {4--5}
}

@book{field2013electron,
  title     = {Electron impact phenomena: and the properties of gaseous ions},
  author    = {Field, Frank Henry and Franklin, Joseph Louis},
  volume    = {1},
  year      = {2013},
  publisher = {Academic Press}
}

@article{caprioli1997molecular,
  title     = {Molecular imaging of biological samples: localization of peptides and proteins using MALDI-TOF MS},
  author    = {Caprioli, Richard M and Farmer, Terry B and Gile, Jocelyn},
  journal   = {Analytical chemistry},
  volume    = {69},
  number    = {23},
  pages     = {4751--4760},
  year      = {1997},
  publisher = {ACS Publications}
}
@article{ross1997discrimination,
  title     = {Discrimination of single-nucleotide polymorphisms in human DNA using peptide nucleic acid probes detected by MALDI-TOF mass spectrometry},
  author    = {Ross, Philip L and Lee, Katherine and Belgrader, Phillip},
  journal   = {Analytical Chemistry},
  volume    = {69},
  number    = {20},
  pages     = {4197--4202},
  year      = {1997},
  publisher = {ACS Publications}
}

@article{karas1985influence,
  title     = {Influence of the wavelength in high-irradiance ultraviolet laser desorption mass spectrometry of organic molecules},
  author    = {Karas, Michael and Bachmann, Doris and Hillenkamp, Franz},
  journal   = {Analytical chemistry},
  volume    = {57},
  number    = {14},
  pages     = {2935--2939},
  year      = {1985},
  publisher = {ACS Publications}
}

@article{opiteck1997comprehensive,
  title     = {Comprehensive on-line LC/LC/MS of proteins},
  author    = {Opiteck, Gregory J and Lewis, Kenneth C and Jorgenson, James W and Anderegg, Robert J},
  journal   = {Analytical chemistry},
  volume    = {69},
  number    = {8},
  pages     = {1518--1524},
  year      = {1997},
  publisher = {ACS Publications}
}

@article{dole1968molecular,
  title     = {Molecular beams of macroions},
  author    = {Dole, Malcolm and Mack, Lawrence L and Hines, Robert L and Mobley, Ralph C and Ferguson, Lowell D and Alice, Martin B},
  journal   = {The Journal of chemical physics},
  volume    = {49},
  number    = {5},
  pages     = {2240--2249},
  year      = {1968},
  publisher = {American Institute of Physics}
}
@article{dole1968gas,
  title     = {Gas phase macroions},
  author    = {Dole, Malcolm and Hines, RL and Mack, LL and Mobley, RC and Ferguson, LD and Alice, MB},
  journal   = {Macromolecules},
  volume    = {1},
  number    = {1},
  pages     = {96--97},
  year      = {1968},
  publisher = {ACS Publications}
}
@article{fenn1990electrospray,
  title     = {Electrospray ionization--principles and practice},
  author    = {Fenn, John B and Mann, Matthias and Meng, Chin Kai and Wong, Shek Fu and Whitehouse, Craige M},
  journal   = {Mass Spectrometry Reviews},
  volume    = {9},
  number    = {1},
  pages     = {37--70},
  year      = {1990},
  publisher = {Wiley Subscription Services, Inc., A Wiley Company Hoboken}
}
@article{rayleigh1882xx,
  title     = {XX. On the equilibrium of liquid conducting masses charged with electricity},
  author    = {Rayleigh, Lord},
  journal   = {The London, Edinburgh, and Dublin Philosophical Magazine and Journal of Science},
  volume    = {14},
  number    = {87},
  pages     = {184--186},
  year      = {1882},
  publisher = {Taylor \& Francis}
}

@article{griffiths2001electrospray,
  title     = {Electrospray and tandem mass spectrometry in biochemistry},
  author    = {Griffiths, William J and JONSSON, Andreas P and LIU, Suya and RAI, Dilip K and WANG, Yuqin},
  journal   = {Biochemical Journal},
  volume    = {355},
  number    = {3},
  pages     = {545--561},
  year      = {2001},
  publisher = {Portland Press Ltd.}
}

@article{felitsyn2002origin,
  title     = {Origin and number of charges observed on multiply-protonated native proteins produced by ESI},
  author    = {Felitsyn, Natalia and Peschke, Michael and Kebarle, Paul},
  journal   = {International Journal of Mass Spectrometry},
  volume    = {219},
  number    = {1},
  pages     = {39--62},
  year      = {2002},
  publisher = {Elsevier}
}

@article{domon2006mass,
  title     = {Mass spectrometry and protein analysis},
  author    = {Domon, Bruno and Aebersold, Ruedi},
  journal   = {science},
  volume    = {312},
  number    = {5771},
  pages     = {212--217},
  year      = {2006},
  publisher = {American Association for the Advancement of Science}
}
@article{stephens1946pulsed,
  title   = {A Pulsed Mass Spectrometer with Time Disaersion},
  author  = {Stephens, WE},
  journal = {Phys. Rev.},
  volume  = {69},
  pages   = {691},
  year    = {1946}
}

@article{fuerstenau1995molecular,
  title     = {Molecular weight determination of megadalton DNA electrospray ions using charge detection time-of-flight mass spectrometry},
  author    = {Fuerstenau, Stephen D and Benner, W Henry},
  journal   = {Rapid Communications in Mass Spectrometry},
  volume    = {9},
  number    = {15},
  pages     = {1528--1538},
  year      = {1995},
  publisher = {Wiley Online Library}
}

@article{paul1990electromagnetic,
  title     = {Electromagnetic traps for charged and neutral particles (Nobel lecture)},
  author    = {Paul, Wolfgang},
  journal   = {Angewandte Chemie International Edition in English},
  volume    = {29},
  number    = {7},
  pages     = {739--748},
  year      = {1990},
  publisher = {Wiley Online Library}
}

@article{paul1953neues,
  title     = {Ein neues massenspektrometer ohne magnetfeld},
  author    = {Paul, Wolfgang and Steinwedel, Helmut},
  journal   = {Zeitschrift f{\"u}r Naturforschung A},
  volume    = {8},
  number    = {7},
  pages     = {448--450},
  year      = {1953},
  publisher = {Verlag der Zeitschrift f{\"u}r Naturforschung}
}

@article{yost1978selected,
  title     = {Selected ion fragmentation with a tandem quadrupole mass spectrometer},
  author    = {Yost, RA and Enke, CG},
  journal   = {Journal of the American Chemical Society},
  volume    = {100},
  number    = {7},
  pages     = {2274--2275},
  year      = {1978},
  publisher = {ACS Publications}
}

@misc{2021Mass,
  title = {Mass Analyzers (Mass Spectrometry)},
  url   = {https://chem.libretexts.org/@go/page/324},
  note  = {[Online; accessed 2021-08-03]},
  date  = {2021-05-18},
  year  = 2021,
  month = 5,
  day   = 18
}

@article{mao2003h,
  title     = {H/D exchange of gas phase bradykinin ions in a linear quadrupole ion trap},
  author    = {Mao, Dunmin and Douglas, DJ},
  journal   = {Journal of the American Society for Mass Spectrometry},
  volume    = {14},
  number    = {2},
  pages     = {85--94},
  year      = {2003},
  publisher = {ACS Publications}
}

@article{lawrence1932production,
  title     = {The production of high speed light ions without the use of high voltages},
  author    = {Lawrence, Ernest O and Livingston, M Stanley},
  journal   = {Physical Review},
  volume    = {40},
  number    = {1},
  pages     = {19},
  year      = {1932},
  publisher = {APS}
}

@article{comisarow1974fourier,
  title     = {Fourier transform ion cyclotron resonance spectroscopy},
  author    = {Comisarow, Melvin B and Marshall, Alan G},
  journal   = {Chemical physics letters},
  volume    = {25},
  number    = {2},
  pages     = {282--283},
  year      = {1974},
  publisher = {Elsevier}
}

@article{easterling1999routine,
  title     = {Routine part-per-million mass accuracy for high-mass ions: Space-charge effects in MALDI FT-ICR},
  author    = {Easterling, Michael L and Mize, Todd H and Amster, I Jonathan},
  journal   = {Analytical chemistry},
  volume    = {71},
  number    = {3},
  pages     = {624--632},
  year      = {1999},
  publisher = {ACS Publications}
}
@article{amster1996fourier,
  title     = {Fourier transform mass spectrometry},
  author    = {Amster, I Jonathan},
  journal   = {Journal of mass spectrometry},
  volume    = {31},
  number    = {12},
  pages     = {1325--1337},
  year      = {1996},
  publisher = {Wiley Online Library}
}

@article{hu2005orbitrap,
  title     = {The Orbitrap: a new mass spectrometer},
  author    = {Hu, Qizhi and Noll, Robert J and Li, Hongyan and Makarov, Alexander and Hardman, Mark and Graham Cooks, R},
  journal   = {Journal of mass spectrometry},
  volume    = {40},
  number    = {4},
  pages     = {430--443},
  year      = {2005},
  publisher = {Wiley Online Library}
}
@article{zubarev2000electron,
  title     = {Electron capture dissociation for structural characterization of multiply charged protein cations},
  author    = {Zubarev, Roman A and Horn, David M and Fridriksson, Einar K and Kelleher, Neil L and Kruger, Nathan A and Lewis, Mark A and Carpenter, Barry K and McLafferty, Fred W},
  journal   = {Analytical chemistry},
  volume    = {72},
  number    = {3},
  pages     = {563--573},
  year      = {2000},
  publisher = {ACS Publications}
}

@article{syka2004peptide,
  title     = {Peptide and protein sequence analysis by electron transfer dissociation mass spectrometry},
  author    = {Syka, John EP and Coon, Joshua J and Schroeder, Melanie J and Shabanowitz, Jeffrey and Hunt, Donald F},
  journal   = {Proceedings of the National Academy of Sciences},
  volume    = {101},
  number    = {26},
  pages     = {9528--9533},
  year      = {2004},
  publisher = {National Acad Sciences}
}
@article{hart2014review,
  title     = {A review of electron-capture and electron-transfer dissociation tandem mass spectrometry in polymer chemistry},
  author    = {Hart-Smith, Gene},
  journal   = {Analytica chimica acta},
  volume    = {808},
  pages     = {44--55},
  year      = {2014},
  publisher = {Elsevier}
}
@article{oomens2006gas,
  title     = {Gas-phase infrared multiple photon dissociation spectroscopy of mass-selected molecular ions},
  author    = {Oomens, Jos and Sartakov, Boris G and Meijer, Gerard and Von Helden, Gert},
  journal   = {International Journal of Mass Spectrometry},
  volume    = {254},
  number    = {1-2},
  pages     = {1--19},
  year      = {2006},
  publisher = {Elsevier}
}